@misc{liu2019finetune,
    title={Fine-tune BERT for Extractive Summarization},
    author={Yang Liu},
    year={2019},
    eprint={1903.10318},
    archivePrefix={arXiv},
    primaryClass={cs.CL}
}
